<collection xmlns="http://www.loc.gov/MARC21/slim">
<record>
  <leader>01201nam0a22002411i 450 </leader>
  <controlfield tag="001">IT\ICCU\CNCE\076701</controlfield>
  <controlfield tag="005">20150525000000.0</controlfield>
  <datafield tag="012" ind1=" " ind2=" ">
    <subfield code="a">e-na ins. ubo- i-nq (C) 1552 (A)</subfield>
    <subfield code="2">fei</subfield>
  </datafield>
  <datafield tag="100" ind1=" " ind2=" ">
    <subfield code="a">20111010d1552        0itac0103    ba</subfield>
  </datafield>
  <datafield tag="101" ind1=" " ind2=" ">
    <subfield code="a">LAT</subfield>
  </datafield>
  <datafield tag="102" ind1=" " ind2=" ">
    <subfield code="a">IT</subfield>
  </datafield>
  <datafield tag="200" ind1="1" ind2=" ">
    <subfield code="a">Constitutiones synodales approbatae, per reuerendissimum dominum Catelanum Triuultium episcopum Placentinum &amp; comitem</subfield>
  </datafield>
  <datafield tag="210" ind1=" " ind2=" ">
    <subfield code="a">Placentiae</subfield>
    <subfield code="d">1552</subfield>
    <subfield code="e">\Piacenza!</subfield>
    <subfield code="g">apud Ioa. Mutium Cremonen. &amp; Bernardinum Lochetam Papiensem</subfield>
  </datafield>
  <datafield tag="215" ind1=" " ind2=" ">
    <subfield code="a">\8! c.</subfield>
    <subfield code="d">4ʻ</subfield>
  </datafield>
  <datafield tag="620" ind1=" " ind2=" ">
    <subfield code="a">IT</subfield>
    <subfield code="d">Piacenza</subfield>
  </datafield>
  <datafield tag="710" ind1="0" ind2="2">
    <subfield code="a">Piacenza</subfield>
    <subfield code="c"> &lt;Diocesi&gt;</subfield>
    <subfield code="3">7317</subfield>
  </datafield>
  <datafield tag="702" ind1=" " ind2="1">
    <subfield code="a">Trivulzio,</subfield>
    <subfield code="b">Catalano</subfield>
    <subfield code="3">IT\ICCU\CNCA\029606</subfield>
  </datafield>
  <datafield tag="712" ind1="0" ind2="0">
    <subfield code="a">Muzio, Giovanni &amp; Locheta, Bernardino</subfield>
    <subfield code="3">IT\ICCU\CNCT\001256</subfield>
    <subfield code="4">650</subfield>
  </datafield>
  <datafield tag="791" ind1="0" ind2="2">
    <subfield code="a">℗In aedibus ℗Divae Margaritae</subfield>
    <subfield code="c"> &lt;1549-1553&gt;</subfield>
    <subfield code="3">IT\ICCU\CNCT\002193</subfield>
    <subfield code="z">Muzio, Giovanni &amp; Locheta, Bernardino</subfield>
  </datafield>
  <datafield tag="791" ind1="0" ind2="0">
    <subfield code="a">Mutius, Ioannes &amp; Locheta, Bernardinus</subfield>
    <subfield code="3">IT\ICCU\CNCT\002394</subfield>
    <subfield code="z">Muzio, Giovanni &amp; Locheta, Bernardino</subfield>
  </datafield>
  <datafield tag="791" ind1="0" ind2="0">
    <subfield code="a">Mutio, Ioan et Locheta, Bernardino di</subfield>
    <subfield code="3">IT\ICCU\CNCT\005256</subfield>
    <subfield code="z">Muzio, Giovanni &amp; Locheta, Bernardino</subfield>
  </datafield>
  <datafield tag="801" ind1=" " ind2="3">
    <subfield code="a">IT</subfield>
    <subfield code="b">ICCU</subfield>
    <subfield code="c">20201115</subfield>
  </datafield>
  <datafield tag="899" ind1=" " ind2=" ">
    <subfield code="a">Biblioteca e Archivio capitolare della Basilica di S. Antonino. Piacenza</subfield>
    <subfield code="1">PC0021</subfield>
    <subfield code="2">ZPC 05</subfield>
  </datafield>
</record>
</collection>
